@book{burton2006elementary,
  title={Elementary number theory},
  author={Burton, David M},
  year={2006},
  publisher={Tata McGraw-Hill Education}
}
@book{lang2013undergraduate,
  title={Undergraduate analysis},
  author={Lang, Serge},
  year={2013},
  publisher={Springer Science \& Business Media}
}
@book{samuel2013algebraic,
  title={Algebraic Theory of Numbers: Translated from the {French} by {Allan} {J}. {Silberger}},
  author={Samuel, Pierre},
  pages={45},
  publisher={Courier Corporation},
  year={2013},
}